@inproceedings{wohn2011s,
  title={The" S" in social network games: Initiating, maintaining, and enhancing relationships},
  author={Wohn, Donghee Yvette and Lampe, Cliff and Wash, Rick and Ellison, Nicole and Vitak, Jessica},
  booktitle={2011 44th Hawaii international conference on system Sciences},
  pages={1--10},
  year={2011},
  organization={IEEE}
}
@inproceedings{ducheneaut2006alone,
  title={" Alone together?" Exploring the social dynamics of massively multiplayer online games},
  author={Ducheneaut, Nicolas and Yee, Nicholas and Nickell, Eric and Moore, Robert J},
  booktitle={Proceedings of the SIGCHI conference on Human Factors in computing systems},
  pages={407--416},
  year={2006}
}
@inproceedings{freeman2016revisiting,
  title={Revisiting computer-mediated intimacy: In-game marriage and dyadic gameplay in Audition},
  author={Freeman, Guo and Bardzell, Jeffrey and Bardzell, Shaowen},
  booktitle={Proceedings of the 2016 CHI Conference on Human Factors in Computing Systems},
  pages={4325--4336},
  year={2016}
}
@article{freeman2016intimate,
  title={Intimate experiences in virtual worlds: The interplay among hyperpersonal communication, avatar-based systems, and experiential drives},
  author={Freeman, Guo Zhang and Bardzell, Jeffrey and Bardzell, Shaowen},
  journal={IConference 2016 Proceedings},
  year={2016},
  publisher={iSchools}
}
@inproceedings{freeman2015simulating,
  title={Simulating marriage: Gender roles and emerging intimacy in an online game},
  author={Freeman, Guo and Bardzell, Jeffrey and Bardzell, Shaowen and Herring, Susan C},
  booktitle={Proceedings of the 18th ACM Conference on Computer Supported Cooperative Work \& Social Computing},
  pages={1191--1200},
  year={2015}
}
@article{wagner1968glaser,
  title={Glaser and Strauss: THE DISCOVERY OF GROUNDED THEORY: STRATEGIES FOR QUALITATIVE RESEARCH (Book Review)},
  author={Wagner, Helmut R},
  journal={Social Forces},
  volume={46},
  number={4},
  pages={555},
  year={1968},
  publisher={University of North Carolina Press.}
}
@article{hamari2017esports,
  title={What is eSports and why do people watch it?},
  author={Hamari, Juho and Sj{\"o}blom, Max},
  journal={Internet research},
  year={2017},
  publisher={Emerald Publishing Limited}
}
@inproceedings{hamilton2012high,
  title={High-performance pen+ touch modality interactions: a real-time strategy game eSports context},
  author={Hamilton, William and Kerne, Andruid and Robbins, Tom},
  booktitle={Proceedings of the 25th annual ACM symposium on User interface software and technology},
  pages={309--318},
  year={2012}
}
@inproceedings{hamilton2012pen,
  title={SIGCHI Games: The scope of games and play research at CHI},
  author={Nacke, Lennart E and Cox, Anna and Mandryk, Regan L and Cairns, Paul},
  booktitle={Proceedings of the 2016 CHI Conference Extended Abstracts on Human Factors in Computing Systems},
  pages={1088--1091},
  year={2016}
}
@article{jonasson2010electronic,
  title={Electronic sport and its impact on future sport},
  author={Jonasson, Kalle and Thiborg, Jesper},
  journal={Sport in society},
  volume={13},
  number={2},
  pages={287--299},
  year={2010},
  publisher={Taylor \& Francis}
}
@inproceedings{kaytoue2012watch,
  title={Watch me playing, i am a professional: a first study on video game live streaming},
  author={Kaytoue, Mehdi and Silva, Arlei and Cerf, Lo{\"\i}c and Meira Jr, Wagner and Ra{\"\i}ssi, Chedy},
  booktitle={Proceedings of the 21st international conference on world wide web},
  pages={1181--1188},
  year={2012}
}
@misc{kostakos2005social,
  title={The social implications of emerging technologies},
  author={Kostakos, Vassilis and Oâ€™Neill, Eamonn and Little, Linda and Sillence, Elizabeth},
  year={2005},
  publisher={Oxford University Press Oxford, UK}
}
@inproceedings{kow2013media,
  title={Media technologies and learning in the starcraft esport community},
  author={Kow, Yong Ming and Young, Timothy},
  booktitle={Proceedings of the 2013 conference on Computer supported cooperative work},
  pages={387--398},
  year={2013}
}
@inproceedings{leavitt2016ping,
  title={Ping to win? non-verbal communication and team performance in competitive online multiplayer games},
  author={Leavitt, Alex and Keegan, Brian C and Clark, Joshua},
  booktitle={Proceedings of the 2016 CHI Conference on Human Factors in Computing Systems},
  pages={4337--4350},
  year={2016}
}
@article{lee2011comparison,
  title={Comparison of eSports and traditional sports consumption motives.},
  author={Lee, Donghun and Schoenstedt, Linda J},
  journal={ICHPER-SD Journal Of Research},
  volume={6},
  number={2},
  pages={39--44},
  year={2011},
  publisher={ERIC}
}

