@article{justexploring2019,
  title={Exploring blockchain technology in international trade: Business process re-engineering for letter of credit},
  author={Chang, Shuchih Ernest and Chen, Yi-Chian and Wu, Tzu-Ching},
  journal={Industrial Management \& Data Systems},
  year={2019},
  publisher={Emerald Publishing Limited}
}
@article{chang2020blockchain,
  title={Blockchain-enabled trade finance innovation: A potential paradigm shift on using letter of credit},
  author={Chang, Shuchih Ernest and Luo, Hueimin Louis and Chen, YiChian},
  journal={Sustainability},
  volume={12},
  number={1},
  pages={188},
  year={2020},
  publisher={Multidisciplinary Digital Publishing Institute}
}
@article{purchaseorder2021effects,
  title={Effects of information-processing mechanisms on Internet-based purchase order financing},
  author={Huang, Qiuping and Zhao, Xiande and Yeung, KwanHo and Ma, Lijun and Yeung, Jeff Hoi-yan},
  journal={Transportation Research Part E: Logistics and Transportation Review},
  volume={146},
  pages={102222},
  year={2021},
  publisher={Elsevier}
}

@misc{fabric,
  author = {},
  title = {Hyperledger {F}abric},
  howpublished = {},
  month=	 {},
  day =		 {},
  year =	 {2020},
  url = {https://hyperledger-fabric.readthedocs.io/en/release-2.2/index.html},
  note = {Accessed April 3, 2021. Available[Online]. https://hyperledger-fabric.readthedocs.io/en/release-2.2/index.html }
}
@misc{Blockchain,
  author = {},
  title = {What is {B}lockchain},
  howpublished = {},
  month=	 {},
  day =		 {},
  year =	 {2019},
  url = {https://www.ibm.com/topics/what-is-blockchain},
  note = {Accessed February 10, 2021. Available[Online]. https://www.ibm.com/topics/what-is-blockchain }
}

@misc{fabric1,
  author = {},
  title = {Type: Distributed ledger software},
  howpublished = {},
  month=	 {},
  day =		 {},
  year =	 {2020},
  url = {https://www.hyperledger.org/use/fabric},
  note = {Accessed April 1, 2021. Available[Online]. https://www.hyperledger.org/use/fabric }
}
@misc{cloud,
  author = {},
  title = {Cloud {D}atabase},
  howpublished = {},
  month=	 {},
  day =		 {},
  year =	 {2018},
  url = {https://www.mongodb.com/cloud-database},
  note = {Accessed May 4, 2021. Available[Online]. https://www.mongodb.com/cloud-database}
}
@misc{eddsa,
  author = {},
  title = {EdDSA},
  howpublished = {},
  month=	 {},
  day =		 {},
  year =	 {2021},
  url = {https://en.wikipedia.org/wiki/EdDSA},
  note = {Accessed April 30, 2021. Available[Online]. https://en.wikipedia.org/wiki/EdDSA}
}
@misc{md5,
  author = {valdeci},
  title = {MD5 Hashing},
  howpublished = {},
  month=	 {},
  day =		 {},
  year =	 {2015},
  url = {https://stackoverflow.com/questions/14733374/how-to-generate-an-md5-file-hash-in-javascript},
  note = {Accessed April 25, 2021. Available[Online]. https://stackoverflow.com/questions/14733374/how-to-generate-an-md5-file-hash-in-javascript}
}
